% @misc{shor_1996, title={Polynomial-Time Algorithms for Prime Factorization and Discrete Logarithms on a Quantum Computer}, howpublished="\url={https://arxiv.org/abs/quant-ph/9508027}", journal={arXiv.org}, author={Shor, Peter W.}, year={1996}, month={Jan}} 
 
% @misc{25_years_Shor, title={Quantum-computing pioneer warns of complacency over Internet security}, howpublished="\url={https://www.nature.com/articles/d41586-020-03068-9}", journal={Nature News}, publisher={Nature Publishing Group}, author={Castelvecchi, Davide}, year={2020}, month={Oct}} 
 
% @misc{factor_cost, title={How to factor 2048 bit RSA integers in 8 hours using 20 million noisy qubits}, howpublished="\url{https://arxiv.org/abs/1905.09749}", journal={arXiv.org}, author={Gidney, Craig and Ekerå, Martin}, year={2019}, month={Dec}} 
  
% @misc{IBM_1M, title={IBM's Roadmap For Scaling Quantum Technology}, howpublished="\url{https://www.ibm.com/blogs/research/2020/09/ibm-quantum-roadmap/}", journal={IBM Research Blog}, year={2020}, month={Nov}} 
   
% @article{qiskit_text, title={The Qiskit Textbook}, url={https://qiskit.org/textbook/preface.html}, journal={Learn Quantum Computation using Qiskit}, publisher={Data 100 at UC Berkeley}, author={Team, The Qiskit}, year={2020}, month={Nov}} 

%  @book{nielsen_chuang_2019, place={Cambridge}, title={Quantum computation and quantum information}, publisher={Cambridge University Press}, author={Nielsen, Michael A. and Chuang, Isaac L.}, year={2019}} 
 
%   @misc{ettinger_hoyer_knill_2004, title={The quantum query complexity of the hidden subgroup problem is polynomial}, url={https://arxiv.org/abs/quant-ph/0401083}, journal={arXiv.org}, author={Ettinger, Mark and Hoyer, Peter and Knill, Emanuel}, year={2004}, month={Jan}} 

  @article{o2009time,
  title={Time-resolved up-conversion of entangled photon pairs},
  author={O’Donnell, Kevin A and U’Ren, Alfred B},
  journal={Physical review letters},
  volume={103},
  number={12},
  pages={123602},
  year={2009},
  publisher={APS}
}

@article{nussbaum2009chernoff,
  title={The Chernoff lower bound for symmetric quantum hypothesis testing},
  author={Nussbaum, Michael and Szko{\l}a, Arleta},
  year={2009}
}

@article{huang2021information,
  title={Information-theoretic bounds on quantum advantage in machine learning},
  author={Huang, Hsin-Yuan and Kueng, Richard and Preskill, John},
  journal={Physical Review Letters},
  volume={126},
  number={19},
  pages={190505},
  year={2021},
  publisher={APS}
}

@article{zhuang2017optimum,
  title={Optimum mixed-state discrimination for noisy entanglement-enhanced sensing},
  author={Zhuang, Quntao and Zhang, Zheshen and Shapiro, Jeffrey H},
  journal={Physical review letters},
  volume={118},
  number={4},
  pages={040801},
  year={2017},
  publisher={APS}
}

@article{sanz2017quantum,
  title={Quantum estimation methods for quantum illumination},
  author={Sanz, Mikel and Las Heras, U and Garc{\'\i}a-Ripoll, Juan Jos{\'e} and Solano, Enrique and Di Candia, R},
  journal={Physical review letters},
  volume={118},
  number={7},
  pages={070803},
  year={2017},
  publisher={APS}
}

@article{liu2020joint,
  title={Joint measurement of time--frequency entanglement via sum frequency generation},
  author={Liu, Han and Helmy, Amr S},
  journal={npj Quantum Information},
  volume={6},
  number={1},
  pages={66},
  year={2020},
  publisher={Nature Publishing Group UK London}
}

@article{hayashi2002two,
  title={Two quantum analogues of Fisher information from a large deviation viewpoint of quantum estimation},
  author={Hayashi, Masahito},
  journal={Journal of Physics A: Mathematical and General},
  volume={35},
  number={36},
  pages={7689},
  year={2002},
  publisher={IOP Publishing}
}
